@misc{paper,
	title={Latent Space Oddity: on the Curvature of Deep Generative Models}, 
	author={Georgios Arvanitidis and Lars Kai Hansen and SÃ¸ren Hauberg},
	year={2018},
	eprint={1710.11379},
	archivePrefix={arXiv},
	primaryClass={stat.ML}
}

@misc{reparamtrick,
	title={Tutorial on Variational Autoencoders}, 
	author={Carl Doersch},
	year={2021},
	eprint={1606.05908},
	archivePrefix={arXiv},
	primaryClass={stat.ML}
}